<marcxml:record xmlns:xlink="http://www.w3.org/1999/xlink" xmlns:marcxml="http://www.loc.gov/MARC21/slim" xmlns:rdf="http://www.w3.org/1999/02/22-rdf-syntax-ns#" xmlns:madsrdf="http://www.loc.gov/mads/rdf/v1#" xmlns:ri="http://id.loc.gov/ontologies/RecordInfo#" xmlns:xsi="http://www.w3.org/2001/XMLSchema-instance" xmlns:mets="http://www.loc.gov/METS/" xmlns:idx="info:lc/xq-modules/lcindex" xmlns:bfidx="info:lc/xq-modules/bfidx" xmlns:semtriples="http://marklogic.com/semantic" xmlns:bf="http://id.loc.gov/ontologies/bibframe/" xmlns:bflc="http://id.loc.gov/ontologies/bflc/" xmlns:bfsimple="http://id.loc.gov/ontologies/bfsimple/" xmlns:dcterms="http://purl.org/dc/terms/">
  <marcxml:leader>03252cam a2200673 i 4500</marcxml:leader>
  <marcxml:controlfield tag="001">20821031</marcxml:controlfield>
  <marcxml:controlfield tag="005">20210528113616.0</marcxml:controlfield>
  <marcxml:controlfield tag="008">190124m20179999caua     6    000 1 eng d</marcxml:controlfield>
  <marcxml:datafield ind1=" " ind2=" " tag="906">
    <marcxml:subfield code="a">7</marcxml:subfield>
    <marcxml:subfield code="b">cbc</marcxml:subfield>
    <marcxml:subfield code="c">copycat</marcxml:subfield>
    <marcxml:subfield code="d">2</marcxml:subfield>
    <marcxml:subfield code="e">ncip</marcxml:subfield>
    <marcxml:subfield code="f">20</marcxml:subfield>
    <marcxml:subfield code="g">y-gencatlg</marcxml:subfield>
  </marcxml:datafield>
  <marcxml:datafield ind1="0" ind2=" " tag="925">
    <marcxml:subfield code="a">acquire</marcxml:subfield>
    <marcxml:subfield code="b">1 shelf copy</marcxml:subfield>
    <marcxml:subfield code="x">policy default</marcxml:subfield>
  </marcxml:datafield>
  <marcxml:datafield ind1=" " ind2=" " tag="955">
    <marcxml:subfield code="b">xk58 2019-01-24 z-processor</marcxml:subfield>
    <marcxml:subfield code="a">ADDED VOLS: v. 10; xk18 2019-08-07 to USPRLL,</marcxml:subfield>
    <marcxml:subfield code="a">v. 9; xk18 2019-09-12 to USPRL</marcxml:subfield>
    <marcxml:subfield code="i">xk05 2019-09-24 v. 8, 10 to xk14 for rev.</marcxml:subfield>
    <marcxml:subfield code="r">xk14 2019-10-01</marcxml:subfield>
    <marcxml:subfield code="w">xk14 2019-10-01 v. 2-4, 8-10 to BCCD</marcxml:subfield>
  </marcxml:datafield>
  <marcxml:datafield ind1=" " ind2=" " tag="955">
    <marcxml:subfield code="a">ADDED VOLS : v. 16 rn45 2021-05-28 (1) copy to USPRLL</marcxml:subfield>
  </marcxml:datafield>
  <marcxml:datafield ind1=" " ind2=" " tag="010">
    <marcxml:subfield code="a">  2018299505</marcxml:subfield>
  </marcxml:datafield>
  <marcxml:datafield ind1=" " ind2=" " tag="020">
    <marcxml:subfield code="a">9781421597126</marcxml:subfield>
    <marcxml:subfield code="q">(volume 1 ;</marcxml:subfield>
    <marcxml:subfield code="q">paperback)</marcxml:subfield>
  </marcxml:datafield>
  <marcxml:datafield ind1=" " ind2=" " tag="020">
    <marcxml:subfield code="a">1421597128</marcxml:subfield>
    <marcxml:subfield code="q">(volume 1 ;</marcxml:subfield>
    <marcxml:subfield code="q">paperback)</marcxml:subfield>
  </marcxml:datafield>
  <marcxml:datafield ind1=" " ind2=" " tag="020">
    <marcxml:subfield code="a">9781421597133</marcxml:subfield>
    <marcxml:subfield code="q">(volume 2 ;</marcxml:subfield>
    <marcxml:subfield code="q">paperback)</marcxml:subfield>
  </marcxml:datafield>
  <marcxml:datafield ind1=" " ind2=" " tag="020">
    <marcxml:subfield code="a">1421597136</marcxml:subfield>
    <marcxml:subfield code="q">(volume 2 ;</marcxml:subfield>
    <marcxml:subfield code="q">paperback)</marcxml:subfield>
  </marcxml:datafield>
  <marcxml:datafield ind1=" " ind2=" " tag="020">
    <marcxml:subfield code="a">9781421597140</marcxml:subfield>
    <marcxml:subfield code="q">(volume 3 ;</marcxml:subfield>
    <marcxml:subfield code="q">paperback)</marcxml:subfield>
  </marcxml:datafield>
  <marcxml:datafield ind1=" " ind2=" " tag="020">
    <marcxml:subfield code="a">1421597144</marcxml:subfield>
    <marcxml:subfield code="q">(volume 3 ;</marcxml:subfield>
    <marcxml:subfield code="q">paperback)</marcxml:subfield>
  </marcxml:datafield>
  <marcxml:datafield ind1=" " ind2=" " tag="020">
    <marcxml:subfield code="a">9781421597157</marcxml:subfield>
    <marcxml:subfield code="q">(volume 4 ;</marcxml:subfield>
    <marcxml:subfield code="q">paperback)</marcxml:subfield>
  </marcxml:datafield>
  <marcxml:datafield ind1=" " ind2=" " tag="020">
    <marcxml:subfield code="a">1421597152</marcxml:subfield>
    <marcxml:subfield code="q">(volume 4 ;</marcxml:subfield>
    <marcxml:subfield code="q">paperback)</marcxml:subfield>
  </marcxml:datafield>
  <marcxml:datafield ind1=" " ind2=" " tag="020">
    <marcxml:subfield code="a">9781421597164</marcxml:subfield>
    <marcxml:subfield code="q">(volume 5 ;</marcxml:subfield>
    <marcxml:subfield code="q">paperback)</marcxml:subfield>
  </marcxml:datafield>
  <marcxml:datafield ind1=" " ind2=" " tag="020">
    <marcxml:subfield code="a">1421597160</marcxml:subfield>
    <marcxml:subfield code="q">(volume 5 ;</marcxml:subfield>
    <marcxml:subfield code="q">paperback)</marcxml:subfield>
  </marcxml:datafield>
  <marcxml:datafield ind1=" " ind2=" " tag="020">
    <marcxml:subfield code="a">9781974701476</marcxml:subfield>
    <marcxml:subfield code="q">(volume 6 ;</marcxml:subfield>
    <marcxml:subfield code="q">paperback)</marcxml:subfield>
  </marcxml:datafield>
  <marcxml:datafield ind1=" " ind2=" " tag="020">
    <marcxml:subfield code="a">1974701476</marcxml:subfield>
    <marcxml:subfield code="q">(volume 6 ;</marcxml:subfield>
    <marcxml:subfield code="q">paperback)</marcxml:subfield>
  </marcxml:datafield>
  <marcxml:datafield ind1=" " ind2=" " tag="020">
    <marcxml:subfield code="a">9781974702244</marcxml:subfield>
    <marcxml:subfield code="q">(volume 7 ;</marcxml:subfield>
    <marcxml:subfield code="q">paperback)</marcxml:subfield>
  </marcxml:datafield>
  <marcxml:datafield ind1=" " ind2=" " tag="020">
    <marcxml:subfield code="a">1974702243</marcxml:subfield>
    <marcxml:subfield code="q">(volume 7 ;</marcxml:subfield>
    <marcxml:subfield code="q">paperback)</marcxml:subfield>
  </marcxml:datafield>
  <marcxml:datafield ind1=" " ind2=" " tag="020">
    <marcxml:subfield code="a">9781974702299</marcxml:subfield>
    <marcxml:subfield code="q">(volume 8 ;</marcxml:subfield>
    <marcxml:subfield code="q">paperback)</marcxml:subfield>
  </marcxml:datafield>
  <marcxml:datafield ind1=" " ind2=" " tag="020">
    <marcxml:subfield code="a">9781974704873</marcxml:subfield>
    <marcxml:subfield code="q">(volume 9 ;</marcxml:subfield>
    <marcxml:subfield code="q">paperback)</marcxml:subfield>
  </marcxml:datafield>
  <marcxml:datafield ind1=" " ind2=" " tag="020">
    <marcxml:subfield code="a">9781974704989</marcxml:subfield>
    <marcxml:subfield code="q">(volume 10 ;</marcxml:subfield>
    <marcxml:subfield code="q">paperback)</marcxml:subfield>
  </marcxml:datafield>
  <marcxml:datafield ind1=" " ind2=" " tag="035">
    <marcxml:subfield code="a">(OCoLC)on1013932232</marcxml:subfield>
  </marcxml:datafield>
  <marcxml:datafield ind1=" " ind2=" " tag="040">
    <marcxml:subfield code="a">GK5</marcxml:subfield>
    <marcxml:subfield code="b">eng</marcxml:subfield>
    <marcxml:subfield code="c">GK5</marcxml:subfield>
    <marcxml:subfield code="e">rda</marcxml:subfield>
    <marcxml:subfield code="d">GK5</marcxml:subfield>
    <marcxml:subfield code="d">IEP</marcxml:subfield>
    <marcxml:subfield code="d">OCLCF</marcxml:subfield>
    <marcxml:subfield code="d">OCL</marcxml:subfield>
    <marcxml:subfield code="d">ZAC</marcxml:subfield>
    <marcxml:subfield code="d">OCLCQ</marcxml:subfield>
    <marcxml:subfield code="d">QQ3</marcxml:subfield>
    <marcxml:subfield code="d">KNJ</marcxml:subfield>
    <marcxml:subfield code="d">OCP</marcxml:subfield>
    <marcxml:subfield code="d">EYM</marcxml:subfield>
    <marcxml:subfield code="d">Q2V</marcxml:subfield>
    <marcxml:subfield code="d">OI6</marcxml:subfield>
    <marcxml:subfield code="d">DLC</marcxml:subfield>
  </marcxml:datafield>
  <marcxml:datafield ind1="1" ind2=" " tag="041">
    <marcxml:subfield code="a">eng</marcxml:subfield>
    <marcxml:subfield code="h">jpn</marcxml:subfield>
  </marcxml:datafield>
  <marcxml:datafield ind1=" " ind2=" " tag="042">
    <marcxml:subfield code="a">lccopycat</marcxml:subfield>
  </marcxml:datafield>
  <marcxml:datafield ind1="0" ind2="0" tag="050">
    <marcxml:subfield code="a">PN6790.J33</marcxml:subfield>
    <marcxml:subfield code="b">S566913 2017</marcxml:subfield>
  </marcxml:datafield>
  <marcxml:datafield ind1="0" ind2="4" tag="082">
    <marcxml:subfield code="a">741.5/952</marcxml:subfield>
    <marcxml:subfield code="2">23</marcxml:subfield>
  </marcxml:datafield>
  <marcxml:datafield ind1="1" ind2=" " tag="100">
    <marcxml:subfield code="a">Shirai, Kaiu,</marcxml:subfield>
    <marcxml:subfield code="e">author.</marcxml:subfield>
  </marcxml:datafield>
  <marcxml:datafield ind1="1" ind2="0" tag="240">
    <marcxml:subfield code="a">Yakusoku no nebārando.</marcxml:subfield>
    <marcxml:subfield code="l">English</marcxml:subfield>
  </marcxml:datafield>
  <marcxml:datafield ind1="1" ind2="4" tag="245">
    <marcxml:subfield code="a">The promised Neverland /</marcxml:subfield>
    <marcxml:subfield code="c">story by Kaiu Shirai ; art by Posuka Demizu ; translation, Satsuki Yamashita ; touch-up art &amp; lettering, Mark McMurray ; design, Julian (JR) Robinson ; editor, Alexis Kirsch.</marcxml:subfield>
  </marcxml:datafield>
  <marcxml:datafield ind1="3" ind2=" " tag="246">
    <marcxml:subfield code="a">Promised Never land</marcxml:subfield>
  </marcxml:datafield>
  <marcxml:datafield ind1=" " ind2=" " tag="250">
    <marcxml:subfield code="a">Shonen Jump manga edition.</marcxml:subfield>
  </marcxml:datafield>
  <marcxml:datafield ind1=" " ind2="1" tag="264">
    <marcxml:subfield code="a">San Francisco, CA :</marcxml:subfield>
    <marcxml:subfield code="b">VIZ Media, LLC,</marcxml:subfield>
    <marcxml:subfield code="c">2017-</marcxml:subfield>
  </marcxml:datafield>
  <marcxml:datafield ind1=" " ind2=" " tag="300">
    <marcxml:subfield code="a">volumes :</marcxml:subfield>
    <marcxml:subfield code="b">chiefly illustrations ;</marcxml:subfield>
    <marcxml:subfield code="c">19 cm</marcxml:subfield>
  </marcxml:datafield>
  <marcxml:datafield ind1=" " ind2=" " tag="336">
    <marcxml:subfield code="a">text</marcxml:subfield>
    <marcxml:subfield code="b">txt</marcxml:subfield>
    <marcxml:subfield code="2">rdacontent</marcxml:subfield>
  </marcxml:datafield>
  <marcxml:datafield ind1=" " ind2=" " tag="336">
    <marcxml:subfield code="a">still image</marcxml:subfield>
    <marcxml:subfield code="b">sti</marcxml:subfield>
    <marcxml:subfield code="2">rdacontent</marcxml:subfield>
  </marcxml:datafield>
  <marcxml:datafield ind1=" " ind2=" " tag="337">
    <marcxml:subfield code="a">unmediated</marcxml:subfield>
    <marcxml:subfield code="b">n</marcxml:subfield>
    <marcxml:subfield code="2">rdamedia</marcxml:subfield>
  </marcxml:datafield>
  <marcxml:datafield ind1=" " ind2=" " tag="338">
    <marcxml:subfield code="a">volume</marcxml:subfield>
    <marcxml:subfield code="b">nc</marcxml:subfield>
    <marcxml:subfield code="2">rdacarrier</marcxml:subfield>
  </marcxml:datafield>
  <marcxml:datafield ind1=" " ind2=" " tag="588">
    <marcxml:subfield code="a">Volume 1.</marcxml:subfield>
  </marcxml:datafield>
  <marcxml:datafield ind1=" " ind2=" " tag="500">
    <marcxml:subfield code="a">Reads from right to left in manga format.</marcxml:subfield>
  </marcxml:datafield>
  <marcxml:datafield ind1="8" ind2=" " tag="521">
    <marcxml:subfield code="a">Rating: T+ for older teen.</marcxml:subfield>
  </marcxml:datafield>
  <marcxml:datafield ind1=" " ind2=" " tag="546">
    <marcxml:subfield code="a">Translated from the Japanese.</marcxml:subfield>
  </marcxml:datafield>
  <marcxml:datafield ind1=" " ind2=" " tag="520">
    <marcxml:subfield code="a">The orphans at Grace Field House lead a comfortable life under the care of "Mom," but Emma and Norman uncover a dark truth that is going to change their lives completely.</marcxml:subfield>
  </marcxml:datafield>
  <marcxml:datafield ind1="0" ind2="0" tag="505">
    <marcxml:subfield code="g">Volume 1.</marcxml:subfield>
    <marcxml:subfield code="t">Grace Field House --</marcxml:subfield>
    <marcxml:subfield code="g">Volume 2.</marcxml:subfield>
    <marcxml:subfield code="t">Control --</marcxml:subfield>
    <marcxml:subfield code="g">Volume 3.</marcxml:subfield>
    <marcxml:subfield code="t">Destroy! --</marcxml:subfield>
    <marcxml:subfield code="g">Volume 4.</marcxml:subfield>
    <marcxml:subfield code="t">I want to live --</marcxml:subfield>
    <marcxml:subfield code="g">Volume 5.</marcxml:subfield>
    <marcxml:subfield code="t">Escape --</marcxml:subfield>
    <marcxml:subfield code="g">Volume 8.</marcxml:subfield>
    <marcxml:subfield code="t">Forbidden game --</marcxml:subfield>
    <marcxml:subfield code="g">Volume 9.</marcxml:subfield>
    <marcxml:subfield code="t">The battle begins --</marcxml:subfield>
    <marcxml:subfield code="g">Volume 10.</marcxml:subfield>
    <marcxml:subfield code="t">Rematch.</marcxml:subfield>
  </marcxml:datafield>
  <marcxml:datafield ind1=" " ind2="0" tag="655">
    <marcxml:subfield code="a">Graphic novels.</marcxml:subfield>
  </marcxml:datafield>
  <marcxml:datafield ind1="1" ind2=" " tag="700">
    <marcxml:subfield code="a">Demizu, Posuka,</marcxml:subfield>
    <marcxml:subfield code="d">1988-</marcxml:subfield>
    <marcxml:subfield code="e">artist.</marcxml:subfield>
  </marcxml:datafield>
  <marcxml:datafield ind1="1" ind2=" " tag="700">
    <marcxml:subfield code="a">Yamashita, Satsuki,</marcxml:subfield>
    <marcxml:subfield code="e">translator.</marcxml:subfield>
  </marcxml:datafield>
  <marcxml:datafield ind1="1" ind2=" " tag="700">
    <marcxml:subfield code="a">McMurray, Mark,</marcxml:subfield>
    <marcxml:subfield code="e">letterer.</marcxml:subfield>
  </marcxml:datafield>
  <marcxml:datafield ind1="1" ind2=" " tag="700">
    <marcxml:subfield code="a">Robinson, Julian,</marcxml:subfield>
    <marcxml:subfield code="e">designer.</marcxml:subfield>
  </marcxml:datafield>
  <marcxml:datafield ind1="1" ind2=" " tag="700">
    <marcxml:subfield code="a">Kirsch, Alexis,</marcxml:subfield>
    <marcxml:subfield code="e">editor.</marcxml:subfield>
  </marcxml:datafield>
</marcxml:record>
